@misc{koma-skript,
  title={{KOMA-Skript -- ein wandelbares \LaTeXe-Paket}},
  author={{Markus Kohm, Jens-Uwe-Morawski}},
  year=2011,
  month=April,
  howpublished={\url{http://mirrors.ctan.org/macros/latex/contrib/koma-script/scrguide.pdf}}
}

@misc{beamer,
  title={{The beamer class}},
  author={{Till Tantau, Joseph Wright, Vedran Miletić}},
  year=2011,
  month=September,
  howpublished={\url{http://ftp.uni-erlangen.de/mirrors/CTAN/macros/latex/contrib/beamer/doc/beameruserguide.pdf}}
}

@misc{toolbox,
  title={{Corporate-Design-Toolbox}},
  author={Technische Universität Braunschweig, Presse und Kommunikation},
  year=2011,
  howpublished={\url{http://http://tu-braunschweig.cd-toolbox.de}},
  note={Zuletzt besucht am 12. Oktorber 2011}
}
